
@inproceedings{CrescenziKann1997,
author={Crescenzi, Pierluigi and Kann, Viggo},
title={Approximation on the Web: A Compendium of NP Optimization Problems.},
booktitle={RANDOM'97},
pages={111-118},
year=1997
}

@book{ShiraliVasudeva2005,
  Title                    = {Metric Spaces},
  Annote                   = {SIGNATUR = 788.382},
  Author                   = {Satish Shirali and Harkrishan L. Vasudeva},
  Keywords                 = {FUNDAMENTALS mathematics},
  Publisher                = {Springer},
  Year                     = {2005},
 
  
}



@article{DorigoBirattari2006,
    abstract = {{The information provided is the sole responsibility of the authors and does not necessarily reflect the opinion of the members of IRIDIA. The authors take full responsibility for any copyright breaches that may result from}},
    author = {Dorigo, Marco and Birattari, Mauro and St\"{u}tzle, Thomas and Libre, Universit\'{e} and Bruxelles, De and Roosevelt, Av F. D.},
    citeulike-article-id = {4567824},
    citeulike-linkout-0 = {http://citeseerx.ist.psu.edu/viewdoc/summary?doi=10.1.1.64.9532},
    journal = {IEEE Comput. Intell. Mag},
    keywords = {ant\_colony, swarm\_intelligence, tutorial},
    pages = {28--39},
    posted-at = {2009-05-21 08:54:18},
    priority = {2},
    title = {{Ant Colony Optimization – Artificial Ants as a Computational Intelligence Technique}},
    url = {http://citeseerx.ist.psu.edu/viewdoc/summary?doi=10.1.1.64.9532},
    volume = {1},
    year = {2006}
}
@article {MladenovicLabbeHansen2003,
author = {Mladenovi\'{c}, Nenad and Labb\'{e}, Martine and Hansen, Pierre},
title = {Solving the p-Center problem with Tabu Search and Variable Neighborhood Search},
journal = {Networks},
volume = {42},
number = {1},
publisher = {Wiley Subscription Services, Inc., A Wiley Company},
issn = {1097-0037},
url = {http://dx.doi.org/10.1002/net.10081},
doi = {10.1002/net.10081},
pages = {48--64},
keywords = {location, p-center, heuristics, tabu search, variable neighborhood search},
year = {2003},
}


@incollection{MoradiBidkhori2009,
year={2009},
isbn={978-3-7908-2150-5},
booktitle={Facility Location},
series={Contributions to Management Science},
editor={Zanjirani Farahani, Reza and Hekmatfar, Masoud},
doi={10.1007/978-3-7908-2151-2_3},
title={Single Facility Location Problem},
url={http://dx.doi.org/10.1007/978-3-7908-2151-2_3},
publisher={Physica-Verlag HD},
author={Moradi, Esmaeel and Bidkhori, Morteza},
pages={37-68},
language={English}
}

@article{CurrentMinSchilling1990,
title = "Multiobjective analysis of facility location decisions ",
journal = "European Journal of Operational Research ",
volume = "49",
number = "3",
pages = "295 - 307",
year = "1990",
note = "",
issn = "0377-2217",
doi = "http://dx.doi.org/10.1016/0377-2217(90)90401-V",
url = "http://www.sciencedirect.com/science/article/pii/037722179090401V",
author = "John Current and Hokey Min and David Schilling",
keywords = "Facilities",
keywords = "location",
keywords = "multiple criteria programming "
}

@article{TanselFrancisLowe1983,
     jstor_articletype = {research-article},
     title = {Location on Networks: A Survey. Part I: The p-Center and p-Median Problems},
     author = {Tansel, Barbaros C. and Francis, Richard L. and Lowe, Timothy J.},
     journal = {Management Science},
     jstor_issuetitle = {},
     volume = {29},
     number = {4},
     jstor_formatteddate = {Apr., 1983},
     pages = {pp. 482-497},
     url = {http://www.jstor.org/stable/2630870},
     ISSN = {00251909},
    
     language = {English},
     year = {1983},
     publisher = {INFORMS},
     copyright = {Copyright © 1983 INFORMS},
    }
    
@ARTICLE{OwenDaskin1998,
title = {Strategic facility location: A review},
author = {Owen, Susan Hesse and Daskin, Mark S.},
year = {1998},
journal = {European Journal of Operational Research},
volume = {111},
number = {3},
pages = {423-447},
url = {http://EconPapers.repec.org/RePEc:eee:ejores:v:111:y:1998:i:3:p:423-447}
}

@book{Weber1929,
  title={Theory of the location of industries},
  author={Weber, A. and Friedrich, C.J.},
  lccn={29018915},
  series={Materials for the study of business},
  url={https://books.google.com.ph/books?id=Ff-EAAAAIAAJ},
  year={1929},
  publisher={University of Chicago Press}
}


@article{Hakimi1964,

Author = {Hakimi, S. L.},
ISSN = {0030364X},
Journal = {Operations Research},
Keywords = {COMMUNICATION in law enforcement, SWITCHING systems (Telecommunication), GRAPHIC methods, MATHEMATICAL optimization, POLICE stations, POLICE},
Number = {3},
Pages = {450 - 459},
Title = {OPTIMUM LOCATIONS OF SWITCHING CENTERS AND THE ABSOLUTE CENTERS AND MEDIANS OF A GRAPH.},
Volume = {12},
URL = {http://search.ebscohost.com/login.aspx?direct=true&db=mth&AN=8598587&site=ehost-live},
Year = {1964},
}

@article{FarahaniAsgariHeidariHosseininiaGoh2012,
title = "Covering problems in facility location: A review ",
journal = "Computers and Industrial Engineering ",
volume = "62",
number = "1",
pages = "368 - 407",
year = "2012",
note = "",
issn = "0360-8352",
doi = "http://dx.doi.org/10.1016/j.cie.2011.08.020",
url = "http://www.sciencedirect.com/science/article/pii/S036083521100249X",
author = "Reza Zanjirani Farahani and Nasrin Asgari and Nooshin Heidari and Mahtab Hosseininia and Mark Goh",
keywords = "Facility location",
keywords = "Covering problem",
keywords = "Mathematical formulation",
keywords = "Survey ",
}

@article{HochbaumShmoys1986,
 author = {Hochbaum, Dorit S. and Shmoys, David B.},
 title = {A Unified Approach to Approximation Algorithms for Bottleneck Problems},
 journal = {J. ACM},
 issue_date = {July 1986},
 volume = {33},
 number = {3},
 month = may,
 year = {1986},
 issn = {0004-5411},
 pages = {533--550},
 numpages = {18},
 url = {http://doi.acm.org/10.1145/5925.5933},
 doi = {10.1145/5925.5933},
 acmid = {5933},
 publisher = {ACM},
 address = {New York, NY, USA}
} 


@article{Drezner1984,
author={Drezner, Zvi},
title={p-CENTRE PROBLEM - HEURISTIC AND OPTIMAL ALGORITHMS.},
journal={Journal of the Operational Research Society},
year={1984},
volume={35},
number={8},
pages={741-748},
url={http://www.scopus.com/inward/record.url?eid=2-s2.0-0021481815&partnerID=40&md5=df1972e7b6d848cf9efb0f7d7281bf9d},
source={Scopus},
}

@article{SuzukiDrezner1996,
title = "The p-center location problem in an area ",
journal = "Location Science ",
volume = "4",
number = "1 - 2",
pages = "69 - 82",
year = "1996",
note = "",
issn = "0966-8349",
doi = "http://dx.doi.org/10.1016/S0966-8349(96)00012-5",
url = "http://www.sciencedirect.com/science/article/pii/S0966834996000125",
author = "Atsuo Suzuki and Zvi Drezner",
keywords = "p-center problem",
keywords = "Voronoi diagram",
keywords = "\{AMPL\} ",
}

@article{Floyd1962,
 author = {Floyd, Robert W.},
 title = {Algorithm 97: Shortest Path},
 journal = {Commun. ACM},
 issue_date = {June 1962},
 volume = {5},
 number = {6},
 month = jun,
 year = {1962},
 issn = {0001-0782},
 pages = {345--},
 url = {http://doi.acm.org/10.1145/367766.368168},
 doi = {10.1145/367766.368168},
 acmid = {368168},
 publisher = {ACM},
 address = {New York, NY, USA}
} 

@book{Daskin2011,
  title={Network and discrete location: models, algorithms, and applications},
  author={Daskin, Mark S},
  year={2011},
  publisher={John Wiley \& Sons}
}

@article{Beasley1985,
title = "A note on solving large p-median problems ",
journal = "European Journal of Operational Research ",
volume = "21",
number = "2",
pages = "270 - 273",
year = "1985",
note = "",
issn = "0377-2217",
doi = "http://dx.doi.org/10.1016/0377-2217(85)90040-2",
url = "http://www.sciencedirect.com/science/article/pii/0377221785900402",
author = "J.E. Beasley",
keywords = "Location",
keywords = "networks",
keywords = "integer programming "
}

@article{Reinelt1991,
    author = {Reinelt, G.},
    citeulike-article-id = {9217016},
    journal = {ORSA Journal of Computing},
    keywords = {citation\_checked, facility, location, locfort-paper},
    number = {4},
    pages = {376--384},
    posted-at = {2011-04-27 19:09:10},
    priority = {2},
    title = {{TSPLIB}- a Traveling Salesman Problem Library},
    volume = {3},
    year = {1991}
}

@misc{BerkelaarEiklandNotebaert2004,
  author = {Michel Berkelaar and Kjell Eikland and Peter Notebaert},
  title = {lp\_solve. {Open source (Mixed-Integer) Linear Programming system}},
  note = {Version 5.5 under GNU LGPL (Lesser General Public Licence)},
  howpublished = {\url{http://lpsolve.sourceforge.net/5.5/}},
  year = {2004},
  month = {May}
  
}

